@book{book,
  title={Complexity and Approximation: Combinatorial Optimization Problems and Their Approximability Properties},
  author={Giorgio Ausiello and Pierluigi Crescenzi and Giorgio Gambosi and Viggo Kann and Alberto Marchetti-Spaccamela and Marco Protasi},
  isbn={9783540654315},
  lccn={99040936},
  url={http://books.google.com/books?id=Yxxw90d9AuMC},
  year={1999},
  publisher={Springer}
}
